<record><leader>00000cas a22000007a 4500</leader><controlfield tag="001">11984961</controlfield><controlfield tag="008">850501d18701882tnudn ne      0   a0eng d</controlfield><controlfield tag="009">3781</controlfield><datafield ind1=" " ind2=" " tag="010"><subfield code="a">sn 85033437 </subfield></datafield><datafield ind1=" " ind2=" " tag="040"><subfield code="a">NPU</subfield><subfield code="b">eng</subfield><subfield code="c">NPU</subfield><subfield code="d">DLC</subfield><subfield code="d">NPX</subfield><subfield code="d">TGN</subfield><subfield code="d">DLC</subfield><subfield code="d">OCLCF</subfield></datafield><datafield ind1=" " ind2=" " tag="012"><subfield code="l">a</subfield></datafield><datafield ind1="0" ind2=" " tag="022"><subfield code="a">2166-5923</subfield><subfield code="2">1</subfield></datafield><datafield ind1="1" ind2=" " tag="029"><subfield code="a">AU@</subfield><subfield code="b">000020379050</subfield></datafield><datafield ind1=" " ind2=" " tag="042"><subfield code="a">msc</subfield><subfield code="a">nsdp</subfield></datafield><datafield ind1="0" ind2="0" tag="050"><subfield code="a">Newspaper</subfield></datafield><datafield ind1="1" ind2="0" tag="082"><subfield code="a">071</subfield><subfield code="2">14</subfield></datafield><datafield ind1="0" ind2=" " tag="130"><subfield code="a">Knoxville daily chronicle (Knoxville, Tenn. : 1870)</subfield></datafield><datafield ind1=" " ind2="0" tag="222"><subfield code="a">Knoxville daily chronicle (Knoxville, Tenn. 1870)</subfield></datafield><datafield ind1="1" ind2="0" tag="245"><subfield code="a">Knoxville daily chronicle.</subfield></datafield><datafield ind1="3" ind2="0" tag="246"><subfield code="a">Knoxville chronicle</subfield></datafield><datafield ind1="3" ind2="0" tag="246"><subfield code="a">Daily chronicle</subfield></datafield><datafield ind1=" " ind2=" " tag="260"><subfield code="a">Knoxville, Tenn. :</subfield><subfield code="b">Rule &amp; Tarwater,</subfield><subfield code="c">1870-1882.</subfield></datafield><datafield ind1=" " ind2=" " tag="300"><subfield code="a">v. :</subfield><subfield code="b">ill. (chiefly advertisements)</subfield></datafield><datafield ind1=" " ind2=" " tag="310"><subfield code="a">Daily (except Mon.)</subfield></datafield><datafield ind1="0" ind2=" " tag="362"><subfield code="a">Vol. 1, no. 1 (May 3, 1870)-v. 13, no. 161 (Dec. 13, 1882).</subfield></datafield><datafield ind1=" " ind2=" " tag="500"><subfield code="a">"Daily" appears in smaller type within title ornament.</subfield></datafield><datafield ind1=" " ind2=" " tag="500"><subfield code="a">Publishers: Rule &amp; Tarwater, 1870; Rule &amp; Ricks, 1870-&lt;1874&gt;; Chronicle Co., &lt;1882&gt;</subfield></datafield><datafield ind1=" " ind2=" " tag="500"><subfield code="a">Editors: William Gannaway Brownlow, &lt;1875-1876&gt;; Wm. Rule, &lt;1877&gt;.</subfield></datafield><datafield ind1=" " ind2=" " tag="530"><subfield code="a">Available on microfilm from Bell &amp; Howell, Micro Photo Div.</subfield></datafield><datafield ind1=" " ind2=" " tag="530"><subfield code="a">Archived issues are available in digital format as part of the Library of Congress Chronicling America online collection.</subfield></datafield><datafield ind1=" " ind2=" " tag="580"><subfield code="a">Weekly editions: Knoxville weekly chronicle, 1870-1875; Knoxville Whig and chronicle, 1875-1882; Republican chronicle (Knoxville, Tenn.), 1882.</subfield></datafield><datafield ind1=" " ind2="0" tag="651"><subfield code="a">Knoxville (Tenn.)</subfield><subfield code="v">Newspapers.</subfield></datafield><datafield ind1=" " ind2="0" tag="651"><subfield code="a">Knox County (Tenn.)</subfield><subfield code="v">Newspapers.</subfield></datafield><datafield ind1=" " ind2="7" tag="655"><subfield code="a">Newspapers.</subfield><subfield code="2">fast</subfield><subfield code="0">(OCoLC)fst01423814</subfield></datafield><datafield ind1=" " ind2="7" tag="651"><subfield code="a">Tennessee</subfield><subfield code="z">Knox County.</subfield><subfield code="2">fast</subfield><subfield code="0">(OCoLC)fst01215247</subfield></datafield><datafield ind1=" " ind2="7" tag="651"><subfield code="a">Tennessee</subfield><subfield code="z">Knoxville.</subfield><subfield code="2">fast</subfield><subfield code="0">(OCoLC)fst01206442</subfield></datafield><datafield ind1=" " ind2=" " tag="752"><subfield code="a">United States</subfield><subfield code="b">Tennessee</subfield><subfield code="c">Knox</subfield><subfield code="d">Knoxville.</subfield></datafield><datafield ind1="1" ind2=" " tag="775"><subfield code="t">Knoxville weekly chronicle</subfield><subfield code="w">(DLC)sn 85033438</subfield><subfield code="w">(OCoLC)11984938</subfield></datafield><datafield ind1="1" ind2=" " tag="775"><subfield code="t">Knoxville Whig and chronicle</subfield><subfield code="w">(DLC)sn 85042534</subfield><subfield code="w">(OCoLC)12633764</subfield></datafield><datafield ind1="1" ind2=" " tag="775"><subfield code="t">Republican chronicle (Knoxville, Tenn.)</subfield><subfield code="w">(DLC)sn 86071012</subfield><subfield code="w">(OCoLC)13020281</subfield></datafield><datafield ind1="0" ind2="0" tag="785"><subfield code="t">Daily chronicle (Knoxville, Tenn.)</subfield><subfield code="w">(DLC)sn 00063989</subfield><subfield code="w">(OCoLC)44561232</subfield></datafield><datafield ind1="4" ind2="1" tag="856"><subfield code="u">http://www.loc.gov/chroniclingamerica/lccn/sn85033437/issues</subfield></datafield></record>